@ARTICLE{Tukey1957-rt,
  title     = "On the Comparative Anatomy of Transformations",
  author    = "Tukey, John W",
  journal   = "Ann. Math. Stat.",
  publisher = "Institute of Mathematical Statistics",
  volume    =  28,
  number    =  3,
  pages     = "602--632",
  year      =  1957,
  issn      = "0003-4851"
}


@ARTICLE{Box1964-mz,
  title   = "An Analysis of Transformations",
  author  = "Box, G E P and Cox, D R",
  journal = "J. R. Stat. Soc. Series B Stat. Methodol.",
  volume  =  26,
  number  =  2,
  pages   = "211--252",
  year    =  1964,
  issn    = "1369-7412"
}


@ARTICLE{Yeo2000-vw,
  title    = "A new family of power transformations to improve normality or
              symmetry",
  author   = "Yeo, In‚Äêkwon and Johnson, Richard A",
  journal  = "Biometrika",
  volume   =  87,
  number   =  4,
  pages    = "954--959",
  month    =  dec,
  year     =  2000,
  issn     = "0006-3444",
  doi      = "10.1093/biomet/87.4.954"
}


@ARTICLE{Raymaekers2021-kq,
  title   = "Transforming variables to central normality",
  author  = "Raymaekers, Jakob and Rousseeuw, Peter J",
  journal = "Mach. Learn.",
  month   =  mar,
  year    =  2021,
  issn    = "0885-6125",
  doi     = "10.1007/s10994-021-05960-5"
}



@ARTICLE{Shapiro1965-zd,
  title     = "An Analysis of Variance Test for Normality (Complete Samples)",
  author    = "Shapiro, S S and Wilk, M B",
  journal   = "Biometrika",
  publisher = "[Oxford University Press, Biometrika Trust]",
  volume    =  52,
  number    = "3/4",
  pages     = "591--611",
  year      =  1965,
  issn      = "0006-3444",
  doi       = "10.2307/2333709"
}
